

@book{dill,
    author = {Ken A. Dill and Sarina Bromberg},
    year = {2003},
    title = {Molecular Driving Forces: Stastical Thermodynamics in Chemistry and Biology},
    publisher = {Garland Science (Taylor \& Francis Group)},
    address = {New York and London}
}

%Application of the Bethe-Peierls approximation to a lattice-gas model of adsorption on mesoporous materials

%Beyond mean-field approximations for accurate and computationally efficient models of on-lattice chemical kinetics

%Cluster variation method
